@MISC{objectDetectionMethodsImg,
    author = {Mike Tamir},
    title = {Comparision of object detection approaches},
    year = {2019},
    note = {[Online; zadnji pristup 28.5.2021]},
    url = {https://miro.medium.com/max/2400/1*z89KwWbF59XXrsXXQCECPA.jpeg}
}


@MISC{uilectures,
    author = {prof. dr. sc. Bojana Dalbelo Bašić,izv. prof. dr. sc. Jan Šnajder, izv. prof. dr.sc Marko Čupić},
    title = {Predavanja iz predmeta \textit{Uvod u umjetnu inteligenciju, FER}},
    year = {2019},
    note = {[Online; zadnji pristup 03.06.2021]},
    url = {https://www.fer.unizg.hr/predmet/uuui}
}

@MISC{neuroninfo,
    author ={Dr. Alan Woodruff},
    title = {članak \textit{What is a neuron, The University of Queensland, Brain Institute}},
    year = {},
    note = {[Online; zadnji pristup 03.06.2021]},
    url = {https://qbi.uq.edu.au/brain/brain-anatomy/what-neuron}
}

@Book{neuronskeMreze2008FER,
  author = 	 {prof. dr. sc. Bojana Dalbelo Bašić,izv. prof. dr. sc. Jan Šnajder, izv. prof. dr.sc Marko Čupić},
  title = 	 {Umjetne neuronske mreže},
  publisher = 	 {FER},
  note={\url{https://www.fer.unizg.hr/_download/repository/UmjetneNeuronskeMreze.pdf}},
  year = {2008}
}

@Book{deepLearningWithPytorch,
  author = 	 {Eli Stevens, Luca Antiga, Thomas Viehmann},
  title = 	 {Deep learning with PyTorch}},
  publisher = 	 Manning Publications Co.},
  year = 	 {2020}
}

@book{deeplearningbook,
    title={Deep Learning},
    author={Ian Goodfellow and Yoshua Bengio and Aaron Courville},
    publisher={MIT Press},
    note={\url{http://www.deeplearningbook.org}},
    year={2016}
}

@book{umjetneNNJava,
    title={Umjetne neuronske mreže - skripta za predmet "Umjetna inteligencija"},
    author={izv. prof. dr. sc Marko Čupić},
    publisher={FER},
    note={\url{http://java.zemris.fer.hr/nastava/ui/ann/ann-20180604.pdf}},
    year={2016}
}

@book{optimizationAndRegularization,
    title={Improving Artificial Neural Network with Regularization and Optimization},
    author={S.R. Shinde},
    publisher={Towards A.I},
    note={\url{https://towardsai.net/p/machine-learning/improving-artificial-neural-network-with-regularization-and-optimization}},
    year={2020}
}

@book{gradientOptimizationAlgorithms,
    title={An overview of gradient descent optimization algorithms},
    author={Sebastian Ruder},
    publisher={Insight Centre for Data Analytics, NUI Galway},
    note={\url{https://arxiv.org/pdf/1609.04747.pdf}},
    year={2017}
}

@book{AdamMachineLearningMastery,
    title={Gentle Introduction to the Adam Optimization Algorithm for Deep Learning},
    author={Jason Brownlee},
    publisher={},
    note={\url{hhttps://machinelearningmastery.com/adam-optimization-algorithm-for-deep-learning/}},
    year={2021}
}

@book{IBMDeepLearning,
    title={AI vs. Machine Learning vs. Deep Learning vs. Neural Networks: What’s the Difference?},
    author={Eda Kavlakoglu},
    publisher={IBM},
    note={\url{https://www.ibm.com/cloud/blog/ai-vs-machine-learning-vs-deep-learning-vs-neural-networks}},
    year={2020}
}

@book{convolutionOperationsCNN,
    title={Understanding “convolution” operations in CNN},
    author={Pratik Choudhari},
    publisher={Medium},
    note={\url{https://medium.com/analytics-vidhya/understanding-convolution-operations-in-cnn-1914045816d4}},
    year={2020}
}

@book{CNNAnnReynolds,
    title={Convolutional Neural Networks (CNNs)},
    author={Ann. H. Reynolds},
    publisher={},
    note={\url{https://anhreynolds.com/blogs/cnn.html}},
    year={2019}
}

@MISC{baeldungReLU,
    author ={},
    title = {How ReLU and Dropout Layers Work in convolutional neural networks},
    year = {2020},
    note={\url{https://www.baeldung.com/cs/ml-relu-dropout-layers}}
}

@MISC{towardsDSCNN,
    author ={Sumit Saha},
    title = {A Comprehensive Guide to Convolutional Neural Networks — the ELI5 way},
    year = {2018},
    note={\url{https://towardsdatascience.com/a-comprehensive-guide-to-convolutional-neural-networks-the-eli5-way-3bd2b1164a53}}
}

@book{resnetOriginal,
    title={Deep Residual Learning for Image Recognition},
    author={Kaiming He,Xiangyu Zhang,Shaoqing Ren, Jian Sun},
    publisher={Microsoft Research},
    note={\url{https://arxiv.org/pdf/1512.03385.pdf}},
    year={2015}
}

@book{resnetDecodingArhitecture,
    title={Decoding the ResNet architecture},
    author={Anand Saha},
    publisher={},
    note={\url{http://teleported.in/posts/decoding-resnet-architecture/}},
    year={2017}
}

@book{unetOriginal,
    Author = {Olaf Ronneberger and Philipp Fischer and Thomas Brox},
    Title = {U-Net: Convolutional Networks for Biomedical Image Segmentation},
    publisher={Computer Science Department and BIOSS Centre for Biological Signalling Studies,University of Freiburg, Germany},
    Year = {2015},
    note={\url{https://arxiv.org/pdf/1505.04597.pdf}}
}

@MISC{towardsDeeplab,
    author ={Beeren Sahu},
    title = {The Evolution of Deeplab for Semantic Segmentation},
    year = {2019},
    note={\url{https://towardsdatascience.com/the-evolution-of-deeplab-for-semantic-segmentation-95082b025571}}
}

@MISC{generativeGoogle,
    author ={},
    title = {Background: What is a Generative Model?},
    year = {},
    note={\url{https://developers.google.com/machine-learning/gan/generative}}
}

@book{GoodfellowGAN,
    Author = {Ian J. Goodfellow,Jean Pouget-Abadie,Mehdi Mirza, Bing Xu, David Warde-Farley,Sherjil Ozair,Aaron Courville, Yoshua Bengio},
    Title = {Generative Adversarial Nets},
    publisher={Departement d’informatique et de recherche operationnelle,Universite de Montreal},
    Year = {2014},
    note={\url{https://papers.nips.cc/paper/2014/file/5ca3e9b122f61f8f06494c97b1afccf3-Paper.pdf}}
}

@book{cGAN,
    Author = {Mehdi Mirza, Simon Osindero},
    Title = {Conditional Generative Adversarial Nets},
    publisher={Departement d’informatique et de recherche operationnelle,Universite de Montreal},
    Year = {2014},
    note={\url{https://arxiv.org/pdf/1411.1784.pdf}}
}

@MISC{cGANImage,
    author ={Nouman Abbasi},
    title = {What is a Conditional GAN (cGAN)?},
    year = {},
    note={\url{https://www.educative.io/edpresso/what-is-a-conditional-gan-cgan}}
}

@book{dcgan,
    Author = {Mehdi Mirza, Simon Osindero},
    Title = {Alec Radford,Luke Metz,Soumith Chintala},
    publisher={},
    Year = {2016},
    note={\url{https://arxiv.org/pdf/1511.06434.pdf}}
}

@book{cycleGANOriginal,
    Author = {Jun-Yan Zhu,Taesung Park,Phillip Isola, Alexei A. Efros},
    Title = {Unpaired Image-to-Image Translation using Cycle-Consistent Adversarial Networks},
    publisher={Berkeley AI Research (BAIR) laboratory, UC Berkeley},
    Year = {2017},
    note={\url{https://arxiv.org/pdf/1511.06434.pdf}}
}

@book{cycleGANSegmentation,
    Author = {Arnab Kumar Mondal,Aniket Agarwal,Jose Dolz,Christian Desrosiers},
    Title = {Revisiting CycleGAN for semi-supervised segmentation},
    publisher={},
    Year = {2019},
    note={\url{https://arxiv.org/pdf/1908.11569.pdf}}
}

@MISC{miou,
    author ={},
    title = {Metrics to Evaluate your Semantic Segmentation Model},
    year = {},
    note={\url[https://towardsdatascience.com/metrics-to-evaluate-your-semantic-segmentation-model-6bcb99639aa2}}
}

https://towardsdatascience.com/metrics-to-evaluate-your-semantic-segmentation-model-6bcb99639aa2

https://arxiv.org/pdf/1908.11569.pdf

https://arxiv.org/pdf/1703.10593.pdf
